@article{mastrogiannis2009cl,
  title={CL. E. KMODES: a modified k-modes clustering algorithm},
  author={Mastrogiannis, Nikolaos and Giannikos, Ioannis and Boutsinas, Basilis and Antzoulatos, Gerasimos},
  journal={Journal of the Operational Research Society},
  volume={60},
  pages={1085--1095},
  year={2009},
  publisher={Springer}
}

@inproceedings{Panchendrarajan2018BidirectionalLF,
  title={Bidirectional LSTM-CRF for Named Entity Recognition},
  author={Rrubaa Panchendrarajan and Aravindh Amaresan},
  booktitle={Pacific Asia Conference on Language, Information and Computation},
  year={2018}
}

@article{Levenshtein,
  title={Binary codes capable of correcting deletions, insertions, and reversals},
  author={Vladimir I. Levenshtein},
  journal={Soviet physics. Doklady},
  year={1965},
  volume={10},
  pages={707-710}
}




