@inproceedings{bilstm,
  title={Bidirectional LSTM-CRF for Named Entity Recognition},
  author={Rrubaa Panchendrarajan and Aravindh Amaresan},
  booktitle={Pacific Asia Conference on Language, Information and Computation},
  year={2018}
}

@article{mastrogiannis2009cl,
  title={CL. E. KMODES: a modified k-modes clustering algorithm},
  author={Mastrogiannis, Nikolaos and Giannikos, Ioannis and Boutsinas, Basilis and Antzoulatos, Gerasimos},
  journal={Journal of the Operational Research Society},
  volume={60},
  pages={1085--1095},
  year={2009},
  publisher={Springer}
}

@article{yujian2007normalized,
  title={A normalized Levenshtein distance metric},
  author={Yujian, Li and Bo, Liu},
  journal={IEEE transactions on pattern analysis and machine intelligence},
  volume={29},
  number={6},
  pages={1091--1095},
  year={2007},
  publisher={IEEE}
}

@article{steinley2004properties,
  title={Properties of the hubert-arable adjusted rand index.},
  author={Steinley, Douglas},
  journal={Psychological methods},
  volume={9},
  number={3},
  pages={386},
  year={2004},
  publisher={American Psychological Association}
}